<record><leader>00000cas a2200000 i 4500</leader><controlfield tag="001">933788679</controlfield><controlfield tag="008">160106c20149999cau|| ne      |    0eng c</controlfield><datafield ind1=" " ind2=" " tag="010"><subfield code="a">  2016223204</subfield></datafield><datafield ind1=" " ind2=" " tag="040"><subfield code="a">CLU</subfield><subfield code="b">eng</subfield><subfield code="e">rda</subfield><subfield code="c">CLU</subfield><subfield code="d">OCLCF</subfield></datafield><datafield ind1=" " ind2=" " tag="042"><subfield code="a">pcc</subfield></datafield><datafield ind1=" " ind2=" " tag="043"><subfield code="a">n-us-ca</subfield></datafield><datafield ind1="1" ind2="4" tag="050"><subfield code="a">LD7501.L896</subfield><subfield code="b">L566</subfield></datafield><datafield ind1="0" ind2="4" tag="245"><subfield code="a">The lion's beat.</subfield></datafield><datafield ind1=" " ind2="1" tag="264"><subfield code="a">[Los Angeles] :</subfield><subfield code="b">[TCA Dickranian School],</subfield><subfield code="c">[2014]-</subfield></datafield><datafield ind1=" " ind2=" " tag="300"><subfield code="a">volumes :</subfield><subfield code="b">color illustrations ;</subfield><subfield code="c">41-46 cm</subfield></datafield><datafield ind1=" " ind2=" " tag="336"><subfield code="a">text</subfield><subfield code="b">txt</subfield><subfield code="2">rdacontent</subfield></datafield><datafield ind1=" " ind2=" " tag="337"><subfield code="a">unmediated</subfield><subfield code="b">n</subfield><subfield code="2">rdamedia</subfield></datafield><datafield ind1=" " ind2=" " tag="338"><subfield code="a">volume</subfield><subfield code="b">nc</subfield><subfield code="2">rdacarrier</subfield></datafield><datafield ind1="1" ind2=" " tag="362"><subfield code="a">Began with vol. 1, issue 1, published in 2014.</subfield></datafield><datafield ind1=" " ind2=" " tag="500"><subfield code="a">"TCA Dickranian journalism class publication."</subfield></datafield><datafield ind1=" " ind2=" " tag="588"><subfield code="a">Description based on: Vol. 1, issue 1, published in 2014; title from caption.</subfield></datafield><datafield ind1=" " ind2=" " tag="588"><subfield code="a">Latest issue consulted: Volume 1, issue 5 (February 2015).</subfield></datafield><datafield ind1="2" ind2="0" tag="610"><subfield code="a">T&#699;MM Arshak Tigranian Varzharan (Los Angeles, Calif.)</subfield><subfield code="v">Newspapers.</subfield></datafield><datafield ind1=" " ind2="0" tag="650"><subfield code="a">Armenian Americans</subfield><subfield code="x">Education</subfield><subfield code="v">Newspapers.</subfield></datafield><datafield ind1=" " ind2="0" tag="650"><subfield code="a">Student newspapers and periodicals</subfield><subfield code="z">California</subfield><subfield code="z">Los Angeles.</subfield></datafield><datafield ind1=" " ind2="7" tag="655"><subfield code="a">Newspapers.</subfield><subfield code="2">fast</subfield><subfield code="0">(OCoLC)fst01423814</subfield></datafield><datafield ind1="2" ind2="7" tag="610"><subfield code="a">T&#699;MM Arshak Tigranian Varzharan (Los Angeles, Calif.)</subfield><subfield code="2">fast</subfield><subfield code="0">(OCoLC)fst01981058</subfield></datafield><datafield ind1=" " ind2="7" tag="650"><subfield code="a">Armenian Americans</subfield><subfield code="x">Education.</subfield><subfield code="2">fast</subfield><subfield code="0">(OCoLC)fst00814658</subfield></datafield><datafield ind1=" " ind2="7" tag="650"><subfield code="a">Student newspapers and periodicals.</subfield><subfield code="2">fast</subfield><subfield code="0">(OCoLC)fst01135965</subfield></datafield><datafield ind1=" " ind2="7" tag="651"><subfield code="a">California</subfield><subfield code="z">Los Angeles.</subfield><subfield code="2">fast</subfield><subfield code="0">(OCoLC)fst01204540</subfield></datafield><datafield ind1="2" ind2=" " tag="710"><subfield code="a">T&#699;MM Arshak Tigranian Varzharan (Los Angeles, Calif.),</subfield><subfield code="e">issuing body.</subfield></datafield><datafield ind1=" " ind2=" " tag="752"><subfield code="a">United States</subfield><subfield code="b">California</subfield><subfield code="c">Los Angeles</subfield><subfield code="d">Los Angeles.</subfield></datafield></record>